@book{Goodfellow:2016:DL:3086952,
	author = {Goodfellow, Ian and Bengio, Yoshua and Courville, Aaron},
	title = {Deep Learning},
	year = {2016},
	isbn = {0262035618, 9780262035613},
	publisher = {The MIT Press},
} 

@book{Bishop:2006:PRM:1162264,
	author = {Bishop, Christopher M.},
	title = {Pattern Recognition and Machine Learning (Information Science and Statistics)},
	year = {2006},
	isbn = {0387310738},
	publisher = {Springer-Verlag},
	address = {Berlin, Heidelberg},
} 

@book{Alpaydin:2014:IML:2635955,
	author = {Alpaydin, Ethem},
	title = {Introduction to Machine Learning},
	year = {2014},
	isbn = {0262028182, 9780262028189},
	publisher = {The MIT Press},
} 

@book{Murphy:2012:MLP:2380985,
	author = {Murphy, Kevin P.},
	title = {Machine Learning: A Probabilistic Perspective},
	year = {2012},
	isbn = {0262018020, 9780262018029},
	publisher = {The MIT Press},
} 

@MISC{QD:2018,
	title = {Quick, Draw! Doodle Recognition Challenge},
	month = december,
	year = {2018},
	howpublished={\url{https://www.kaggle.com/c/quickdraw-doodle-recognition}}
}

@MISC{Qd:Data,
	title = {Quick, Draw!, the Data},
	year = {2018},
	howpublished={\url{https://quickdraw.withgoogle.com/data}}
}

@MISC{Pyqt,
	title = {PyQt Class Reference},
	year = {2015},
	howpublished={\url{https://www.riverbankcomputing.com/static/Docs/PyQt4/classes.html}}
}

@MISC{Github:repo,
	title = {Projet GLO7030 Github Repo},
	year = {2019},
	howpublished={\url{https://github.com/Samuel-Levesque/Projet_GLO7030/settings}}
}